<record><leader>00000cas a22000007a 4500</leader><controlfield tag="001">24561865</controlfield><controlfield tag="008">911015d187918uuohuwr ne      0    0eng d</controlfield><datafield ind1=" " ind2=" " tag="010"><subfield code="a">sn 91069889 </subfield></datafield><datafield ind1=" " ind2=" " tag="040"><subfield code="a">ONP</subfield><subfield code="b">eng</subfield><subfield code="c">ONP</subfield><subfield code="d">OCLCQ</subfield></datafield><datafield ind1=" " ind2=" " tag="042"><subfield code="a">msc</subfield></datafield><datafield ind1="0" ind2=" " tag="130"><subfield code="a">Bowerston banner (Bowerston, Ohio)</subfield></datafield><datafield ind1="1" ind2="4" tag="245"><subfield code="a">The Bowerston banner.</subfield></datafield><datafield ind1="1" ind2="3" tag="246"><subfield code="a">Banner</subfield></datafield><datafield ind1=" " ind2=" " tag="260"><subfield code="a">Bowerston, Ohio :</subfield><subfield code="b">W.H. Host</subfield></datafield><datafield ind1=" " ind2=" " tag="300"><subfield code="a">v.</subfield></datafield><datafield ind1=" " ind2=" " tag="310"><subfield code="a">Weekly</subfield></datafield><datafield ind1="1" ind2=" " tag="362"><subfield code="a">Began in June, 1879.</subfield></datafield><datafield ind1=" " ind2=" " tag="588"><subfield code="a">Description based on: Vol. 2, no. 9 (Aug. 12-19, 1880).</subfield></datafield><datafield ind1=" " ind2=" " tag="752"><subfield code="a">United States</subfield><subfield code="b">Ohio</subfield><subfield code="c">Harrison</subfield><subfield code="d">Bowerston.</subfield></datafield><datafield ind1="0" ind2=" " tag="775"><subfield code="a">Bowerston daily banner</subfield><subfield code="w">(DLC)sn 91069883</subfield></datafield></record>